<record><leader>00000cas a22000007a 4500</leader><controlfield tag="001">12575159</controlfield><controlfield tag="008">850919d18691870paudn ne      0   a0eng d</controlfield><datafield ind1=" " ind2=" " tag="010"><subfield code="a">sn 86081827 </subfield></datafield><datafield ind1=" " ind2=" " tag="040"><subfield code="a">NPH</subfield><subfield code="b">eng</subfield><subfield code="c">NPH</subfield><subfield code="d">NPX</subfield><subfield code="d">NPH</subfield><subfield code="d">OCLCQ</subfield><subfield code="d">DLC</subfield></datafield><datafield ind1="0" ind2=" " tag="022"><subfield code="a">2469-3308</subfield><subfield code="2">1</subfield></datafield><datafield ind1=" " ind2=" " tag="042"><subfield code="a">msc</subfield><subfield code="a">nsdp</subfield></datafield><datafield ind1="1" ind2="0" tag="050"><subfield code="a">ISSN RECORD</subfield></datafield><datafield ind1="1" ind2="0" tag="082"><subfield code="a">071</subfield><subfield code="2">23</subfield></datafield><datafield ind1="0" ind2=" " tag="130"><subfield code="a">Reading times (Reading, Pa. : 1869)</subfield></datafield><datafield ind1=" " ind2="0" tag="222"><subfield code="a">Reading times</subfield><subfield code="b">(Reading, Pa. 1869)</subfield></datafield><datafield ind1="1" ind2="0" tag="245"><subfield code="a">Reading times.</subfield></datafield><datafield ind1="1" ind2="7" tag="246"><subfield code="a">Reading daily times</subfield></datafield><datafield ind1=" " ind2=" " tag="260"><subfield code="a">Reading, Pa. :</subfield><subfield code="b">J. Knabb &amp; Co.,</subfield><subfield code="c">1869-1870.</subfield></datafield><datafield ind1=" " ind2=" " tag="300"><subfield code="a">1 v.</subfield></datafield><datafield ind1=" " ind2=" " tag="310"><subfield code="a">Daily (except Sun.)</subfield></datafield><datafield ind1="0" ind2=" " tag="362"><subfield code="a">Vol. 24, no. 47 (Nov. 29, 1869)-v. 24, no. 154 (Apr. 4, 1870).</subfield></datafield><datafield ind1=" " ind2=" " tag="752"><subfield code="a">United States</subfield><subfield code="b">Pennsylvania</subfield><subfield code="c">Berks</subfield><subfield code="d">Reading.</subfield></datafield><datafield ind1="0" ind2="0" tag="780"><subfield code="t">Reading daily times (Reading, Pa. : 1866)</subfield><subfield code="x">2469-3316</subfield><subfield code="w">(DLC)sn 86081437</subfield><subfield code="w">(OCoLC)12574634</subfield></datafield><datafield ind1="0" ind2="7" tag="785"><subfield code="t">Evening dispatch (Reading, Pa.)</subfield><subfield code="x">2469-3340</subfield><subfield code="w">(DLC)sn 86053884</subfield><subfield code="w">(OCoLC)14712401</subfield></datafield><datafield ind1="0" ind2="7" tag="785"><subfield code="t">Reading times and dispatch</subfield><subfield code="x">2469-3294</subfield><subfield code="w">(DLC)sn 84026343</subfield><subfield code="w">(OCoLC)10422386</subfield></datafield></record>